%YAML 1.1
%TAG !u! tag:unity3d.com,2011:
--- !u!82 &5011609184352748568
AudioSource:
  m_ObjectHideFlags: 0
  m_CorrespondingSourceObject: {fileID: 0}
  m_PrefabInstance: {fileID: 0}
  m_PrefabAsset: {fileID: 0}
  m_GameObject: {fileID: 5282082247721622102}
  m_Enabled: 1
  serializedVersion: 4
  OutputAudioMixerGroup: {fileID: 0}
  m_audioClip: {fileID: 0}
  m_PlayOnAwake: 0
  m_Volume: 1
  m_Pitch: 1
  Loop: 0
  Mute: 0
  Spatialize: 0
  SpatializePostEffects: 0
  Priority: 128
  DopplerLevel: 1
  MinDistance: 1
  MaxDistance: 500
  Pan2D: 0
  rolloffMode: 0
  BypassEffects: 0
  BypassListenerEffects: 0
  BypassReverbZones: 0
  rolloffCustomCurve:
    serializedVersion: 2
    m_Curve:
    - serializedVersion: 3
      time: 0
      value: 1
      inSlope: 0
      outSlope: 0
      tangentMode: 0
      weightedMode: 0
      inWeight: 0.33333334
      outWeight: 0.33333334
    - serializedVersion: 3
      time: 1
      value: 0
      inSlope: 0
      outSlope: 0
      tangentMode: 0
      weightedMode: 0
      inWeight: 0.33333334
      outWeight: 0.33333334
    m_PreInfinity: 2
    m_PostInfinity: 2
    m_RotationOrder: 4
  panLevelCustomCurve:
    serializedVersion: 2
    m_Curve:
    - serializedVersion: 3
      time: 0
      value: 0
      inSlope: 0
      outSlope: 0
      tangentMode: 0
      weightedMode: 0
      inWeight: 0.33333334
      outWeight: 0.33333334
    m_PreInfinity: 2
    m_PostInfinity: 2
    m_RotationOrder: 4
  spreadCustomCurve:
    serializedVersion: 2
    m_Curve:
    - serializedVersion: 3
      time: 0
      value: 0
      inSlope: 0
      outSlope: 0
      tangentMode: 0
      weightedMode: 0
      inWeight: 0.33333334
      outWeight: 0.33333334
    m_PreInfinity: 2
    m_PostInfinity: 2
    m_RotationOrder: 4
  reverbZoneMixCustomCurve:
    serializedVersion: 2
    m_Curve:
    - serializedVersion: 3
      time: 0
      value: 1
      inSlope: 0
      outSlope: 0
      tangentMode: 0
      weightedMode: 0
      inWeight: 0.33333334
      outWeight: 0.33333334
    m_PreInfinity: 2
    m_PostInfinity: 2
    m_RotationOrder: 4
--- !u!95 &5011609184352748570
Animator:
  serializedVersion: 3
  m_ObjectHideFlags: 0
  m_CorrespondingSourceObject: {fileID: 0}
  m_PrefabInstance: {fileID: 0}
  m_PrefabAsset: {fileID: 0}
  m_GameObject: {fileID: 5282082247721622102}
  m_Enabled: 1
  m_Avatar: {fileID: 0}
  m_Controller: {fileID: 9100000, guid: 0e0b820593a604f3abbe4e12695430c6, type: 2}
  m_CullingMode: 0
  m_UpdateMode: 0
  m_ApplyRootMotion: 0
  m_LinearVelocityBlending: 0
  m_WarningMessage: 
  m_HasTransformHierarchy: 1
  m_AllowConstantClipSamplingOptimization: 1
  m_KeepAnimatorControllerStateOnDisable: 0
--- !u!114 &5011609184352748569
MonoBehaviour:
  m_ObjectHideFlags: 0
  m_CorrespondingSourceObject: {fileID: 0}
  m_PrefabInstance: {fileID: 0}
  m_PrefabAsset: {fileID: 0}
  m_GameObject: {fileID: 5282082247721622102}
  m_Enabled: 1
  m_EditorHideFlags: 0
  m_Script: {fileID: 11500000, guid: 76c87a0a46d6f4c59a33a348f3bad9dc, type: 3}
  m_Name: 
  m_EditorClassIdentifier: 
  JumpSpeed: 4
  Player1: {fileID: 5011609185074069212}
  PunchSlideAmt: 2
  PunchWoosh: {fileID: 8300000, guid: 1eedce3bebfae4a0e82bfd31e811af12, type: 3}
  KickWhoosh: {fileID: 8300000, guid: e614bceb8b7f04c3293437b5cba22fb3, type: 3}
--- !u!1 &5011609185074069212
GameObject:
  m_ObjectHideFlags: 0
  m_CorrespondingSourceObject: {fileID: 0}
  m_PrefabInstance: {fileID: 0}
  m_PrefabAsset: {fileID: 0}
  serializedVersion: 6
  m_Component:
  - component: {fileID: 5011609185074069158}
  - component: {fileID: 5011609185074069159}
  - component: {fileID: 5011609185074069208}
  - component: {fileID: 5011609185074069209}
  - component: {fileID: 5011609185074069210}
  - component: {fileID: 5011609185074069211}
  m_Layer: 0
  m_Name: Last_Mohitan
  m_TagString: Untagged
  m_Icon: {fileID: 0}
  m_NavMeshLayer: 0
  m_StaticEditorFlags: 0
  m_IsActive: 1
--- !u!4 &5011609185074069158
Transform:
  m_ObjectHideFlags: 0
  m_CorrespondingSourceObject: {fileID: 0}
  m_PrefabInstance: {fileID: 0}
  m_PrefabAsset: {fileID: 0}
  m_GameObject: {fileID: 5011609185074069212}
  m_LocalRotation: {x: 0, y: 0, z: 0.008988329, w: 0.99995965}
  m_LocalPosition: {x: -8.5, y: 0.03, z: 0}
  m_LocalScale: {x: 2.4164944, y: 4.09, z: 3.4534578}
  m_Children:
  - {fileID: 4757606042146717932}
  m_Father: {fileID: 0}
  m_RootOrder: 0
  m_LocalEulerAnglesHint: {x: 0, y: 0, z: 1.03}
--- !u!33 &5011609185074069159
MeshFilter:
  m_ObjectHideFlags: 0
  m_CorrespondingSourceObject: {fileID: 0}
  m_PrefabInstance: {fileID: 0}
  m_PrefabAsset: {fileID: 0}
  m_GameObject: {fileID: 5011609185074069212}
  m_Mesh: {fileID: 10208, guid: 0000000000000000e000000000000000, type: 0}
--- !u!23 &5011609185074069208
MeshRenderer:
  m_ObjectHideFlags: 0
  m_CorrespondingSourceObject: {fileID: 0}
  m_PrefabInstance: {fileID: 0}
  m_PrefabAsset: {fileID: 0}
  m_GameObject: {fileID: 5011609185074069212}
  m_Enabled: 0
  m_CastShadows: 1
  m_ReceiveShadows: 1
  m_DynamicOccludee: 0
  m_MotionVectors: 1
  m_LightProbeUsage: 1
  m_ReflectionProbeUsage: 1
  m_RayTracingMode: 2
  m_RayTraceProcedural: 0
  m_RenderingLayerMask: 1
  m_RendererPriority: 0
  m_Materials:
  - {fileID: 10303, guid: 0000000000000000f000000000000000, type: 0}
  m_StaticBatchInfo:
    firstSubMesh: 0
    subMeshCount: 0
  m_StaticBatchRoot: {fileID: 0}
  m_ProbeAnchor: {fileID: 0}
  m_LightProbeVolumeOverride: {fileID: 0}
  m_ScaleInLightmap: 1
  m_ReceiveGI: 1
  m_PreserveUVs: 0
  m_IgnoreNormalsForChartDetection: 0
  m_ImportantGI: 0
  m_StitchLightmapSeams: 1
  m_SelectedEditorRenderState: 3
  m_MinimumChartSize: 4
  m_AutoUVMaxDistance: 0.5
  m_AutoUVMaxAngle: 89
  m_LightmapParameters: {fileID: 0}
  m_SortingLayerID: 0
  m_SortingLayer: 0
  m_SortingOrder: 0
  m_AdditionalVertexStreams: {fileID: 0}
--- !u!136 &5011609185074069209
CapsuleCollider:
  m_ObjectHideFlags: 0
  m_CorrespondingSourceObject: {fileID: 0}
  m_PrefabInstance: {fileID: 0}
  m_PrefabAsset: {fileID: 0}
  m_GameObject: {fileID: 5011609185074069212}
  m_Material: {fileID: 0}
  m_IsTrigger: 0
  m_Enabled: 1
  m_Radius: 0.5
  m_Height: 2
  m_Direction: 1
  m_Center: {x: 0, y: 0, z: 0}
--- !u!54 &5011609185074069210
Rigidbody:
  m_ObjectHideFlags: 0
  m_CorrespondingSourceObject: {fileID: 0}
  m_PrefabInstance: {fileID: 0}
  m_PrefabAsset: {fileID: 0}
  m_GameObject: {fileID: 5011609185074069212}
  serializedVersion: 2
  m_Mass: 1
  m_Drag: 0
  m_AngularDrag: 0.05
  m_UseGravity: 1
  m_IsKinematic: 0
  m_Interpolate: 0
  m_Constraints: 120
  m_CollisionDetection: 0
--- !u!114 &5011609185074069211
MonoBehaviour:
  m_ObjectHideFlags: 0
  m_CorrespondingSourceObject: {fileID: 0}
  m_PrefabInstance: {fileID: 0}
  m_PrefabAsset: {fileID: 0}
  m_GameObject: {fileID: 5011609185074069212}
  m_Enabled: 1
  m_EditorHideFlags: 0
  m_Script: {fileID: 11500000, guid: 6c285ac8da3d94fc39eb45f81c934c65, type: 3}
  m_Name: 
  m_EditorClassIdentifier: 
  WalkSpeed: 0.44
  Player1: {fileID: 5282082247721622102}
  Opponent: {fileID: 0}
  LightPunch: {fileID: 8300000, guid: aee9daf9b08fa45468c4ae167e2cb7f8, type: 3}
  HeavyPunch: {fileID: 8300000, guid: 0a4b72ec5f83343d0892a2a9eeb2d552, type: 3}
  LightKick: {fileID: 8300000, guid: 2e767401c6785495398dd370dc143887, type: 3}
  HeavyKick: {fileID: 8300000, guid: 9b18a1653010d460480f338758613eba, type: 3}
--- !u!1001 &5011609185752000263
PrefabInstance:
  m_ObjectHideFlags: 0
  serializedVersion: 2
  m_Modification:
    m_TransformParent: {fileID: 5011609185074069158}
    m_Modifications:
    - target: {fileID: -9070493210130169274, guid: 395a557cd50d4497cad8b679910f71ae, type: 3}
      propertyPath: m_Layer
      value: 6
      objectReference: {fileID: 0}
    - target: {fileID: -8679921383154817045, guid: 395a557cd50d4497cad8b679910f71ae, type: 3}
      propertyPath: m_RootOrder
      value: 0
      objectReference: {fileID: 0}
    - target: {fileID: -8679921383154817045, guid: 395a557cd50d4497cad8b679910f71ae, type: 3}
      propertyPath: m_LocalScale.x
      value: 1.3267272
      objectReference: {fileID: 0}
    - target: {fileID: -8679921383154817045, guid: 395a557cd50d4497cad8b679910f71ae, type: 3}
      propertyPath: m_LocalScale.y
      value: 1.0801835
      objectReference: {fileID: 0}
    - target: {fileID: -8679921383154817045, guid: 395a557cd50d4497cad8b679910f71ae, type: 3}
      propertyPath: m_LocalScale.z
      value: 1.4779508
      objectReference: {fileID: 0}
    - target: {fileID: -8679921383154817045, guid: 395a557cd50d4497cad8b679910f71ae, type: 3}
      propertyPath: m_LocalPosition.x
      value: -0.12551409
      objectReference: {fileID: 0}
    - target: {fileID: -8679921383154817045, guid: 395a557cd50d4497cad8b679910f71ae, type: 3}
      propertyPath: m_LocalPosition.y
      value: -1.0167208
      objectReference: {fileID: 0}
    - target: {fileID: -8679921383154817045, guid: 395a557cd50d4497cad8b679910f71ae, type: 3}
      propertyPath: m_LocalPosition.z
      value: -0.07817933
      objectReference: {fileID: 0}
    - target: {fileID: -8679921383154817045, guid: 395a557cd50d4497cad8b679910f71ae, type: 3}
      propertyPath: m_LocalRotation.w
      value: 0.81269413
      objectReference: {fileID: 0}
    - target: {fileID: -8679921383154817045, guid: 395a557cd50d4497cad8b679910f71ae, type: 3}
      propertyPath: m_LocalRotation.x
      value: 0.010474403
      objectReference: {fileID: 0}
    - target: {fileID: -8679921383154817045, guid: 395a557cd50d4497cad8b679910f71ae, type: 3}
      propertyPath: m_LocalRotation.y
      value: 0.5825965
      objectReference: {fileID: 0}
    - target: {fileID: -8679921383154817045, guid: 395a557cd50d4497cad8b679910f71ae, type: 3}
      propertyPath: m_LocalRotation.z
      value: -4.656613e-10
      objectReference: {fileID: 0}
    - target: {fileID: -8679921383154817045, guid: 395a557cd50d4497cad8b679910f71ae, type: 3}
      propertyPath: m_LocalEulerAnglesHint.x
      value: 0
      objectReference: {fileID: 0}
    - target: {fileID: -8679921383154817045, guid: 395a557cd50d4497cad8b679910f71ae, type: 3}
      propertyPath: m_LocalEulerAnglesHint.y
      value: 71.28
      objectReference: {fileID: 0}
    - target: {fileID: -8679921383154817045, guid: 395a557cd50d4497cad8b679910f71ae, type: 3}
      propertyPath: m_LocalEulerAnglesHint.z
      value: 1.03
      objectReference: {fileID: 0}
    - target: {fileID: -8191740002585371210, guid: 395a557cd50d4497cad8b679910f71ae, type: 3}
      propertyPath: m_LocalEulerAnglesHint.x
      value: 15.950268
      objectReference: {fileID: 0}
    - target: {fileID: -8191740002585371210, guid: 395a557cd50d4497cad8b679910f71ae, type: 3}
      propertyPath: m_LocalEulerAnglesHint.y
      value: -0.23002729
      objectReference: {fileID: 0}
    - target: {fileID: -8191740002585371210, guid: 395a557cd50d4497cad8b679910f71ae, type: 3}
      propertyPath: m_LocalEulerAnglesHint.z
      value: 25.167295
      objectReference: {fileID: 0}
    - target: {fileID: -8183481454299698827, guid: 395a557cd50d4497cad8b679910f71ae, type: 3}
      propertyPath: m_Layer
      value: 6
      objectReference: {fileID: 0}
    - target: {fileID: -8068027186691560116, guid: 395a557cd50d4497cad8b679910f71ae, type: 3}
      propertyPath: m_LocalEulerAnglesHint.x
      value: -0.8463459
      objectReference: {fileID: 0}
    - target: {fileID: -8068027186691560116, guid: 395a557cd50d4497cad8b679910f71ae, type: 3}
      propertyPath: m_LocalEulerAnglesHint.y
      value: 0.009078968
      objectReference: {fileID: 0}
    - target: {fileID: -8068027186691560116, guid: 395a557cd50d4497cad8b679910f71ae, type: 3}
      propertyPath: m_LocalEulerAnglesHint.z
      value: 0.105967104
      objectReference: {fileID: 0}
    - target: {fileID: -8021001004253913084, guid: 395a557cd50d4497cad8b679910f71ae, type: 3}
      propertyPath: m_LocalEulerAnglesHint.x
      value: 7.938427
      objectReference: {fileID: 0}
    - target: {fileID: -8021001004253913084, guid: 395a557cd50d4497cad8b679910f71ae, type: 3}
      propertyPath: m_LocalEulerAnglesHint.y
      value: -7.2982993
      objectReference: {fileID: 0}
    - target: {fileID: -8021001004253913084, guid: 395a557cd50d4497cad8b679910f71ae, type: 3}
      propertyPath: m_LocalEulerAnglesHint.z
      value: -0.8558489
      objectReference: {fileID: 0}
    - target: {fileID: -8006009767450596044, guid: 395a557cd50d4497cad8b679910f71ae, type: 3}
      propertyPath: m_Layer
      value: 6
      objectReference: {fileID: 0}
    - target: {fileID: -7657966619581158213, guid: 395a557cd50d4497cad8b679910f71ae, type: 3}
      propertyPath: m_Layer
      value: 6
      objectReference: {fileID: 0}
    - target: {fileID: -7360747449169001873, guid: 395a557cd50d4497cad8b679910f71ae, type: 3}
      propertyPath: m_Layer
      value: 6
      objectReference: {fileID: 0}
    - target: {fileID: -7219772299731422950, guid: 395a557cd50d4497cad8b679910f71ae, type: 3}
      propertyPath: m_LocalEulerAnglesHint.x
      value: 12.974861
      objectReference: {fileID: 0}
    - target: {fileID: -7219772299731422950, guid: 395a557cd50d4497cad8b679910f71ae, type: 3}
      propertyPath: m_LocalEulerAnglesHint.y
      value: 9.89713
      objectReference: {fileID: 0}
    - target: {fileID: -7219772299731422950, guid: 395a557cd50d4497cad8b679910f71ae, type: 3}
      propertyPath: m_LocalEulerAnglesHint.z
      value: -16.724964
      objectReference: {fileID: 0}
    - target: {fileID: -7121769801107515815, guid: 395a557cd50d4497cad8b679910f71ae, type: 3}
      propertyPath: m_Layer
      value: 6
      objectReference: {fileID: 0}
    - target: {fileID: -6874584590210671055, guid: 395a557cd50d4497cad8b679910f71ae, type: 3}
      propertyPath: m_LocalEulerAnglesHint.x
      value: 52.53413
      objectReference: {fileID: 0}
    - target: {fileID: -6874584590210671055, guid: 395a557cd50d4497cad8b679910f71ae, type: 3}
      propertyPath: m_LocalEulerAnglesHint.y
      value: -63.058582
      objectReference: {fileID: 0}
    - target: {fileID: -6874584590210671055, guid: 395a557cd50d4497cad8b679910f71ae, type: 3}
      propertyPath: m_LocalEulerAnglesHint.z
      value: -89.724915
      objectReference: {fileID: 0}
    - target: {fileID: -6857788192064577062, guid: 395a557cd50d4497cad8b679910f71ae, type: 3}
      propertyPath: m_LocalEulerAnglesHint.x
      value: 39.404716
      objectReference: {fileID: 0}
    - target: {fileID: -6857788192064577062, guid: 395a557cd50d4497cad8b679910f71ae, type: 3}
      propertyPath: m_LocalEulerAnglesHint.y
      value: -4.5654235
      objectReference: {fileID: 0}
    - target: {fileID: -6857788192064577062, guid: 395a557cd50d4497cad8b679910f71ae, type: 3}
      propertyPath: m_LocalEulerAnglesHint.z
      value: 22.491272
      objectReference: {fileID: 0}
    - target: {fileID: -6803169544883306252, guid: 395a557cd50d4497cad8b679910f71ae, type: 3}
      propertyPath: m_LocalEulerAnglesHint.x
      value: 72.43155
      objectReference: {fileID: 0}
    - target: {fileID: -6803169544883306252, guid: 395a557cd50d4497cad8b679910f71ae, type: 3}
      propertyPath: m_LocalEulerAnglesHint.y
      value: 87.13454
      objectReference: {fileID: 0}
    - target: {fileID: -6803169544883306252, guid: 395a557cd50d4497cad8b679910f71ae, type: 3}
      propertyPath: m_LocalEulerAnglesHint.z
      value: -178.23982
      objectReference: {fileID: 0}
    - target: {fileID: -6768225281626788248, guid: 395a557cd50d4497cad8b679910f71ae, type: 3}
      propertyPath: m_LocalEulerAnglesHint.x
      value: 7.832828
      objectReference: {fileID: 0}
    - target: {fileID: -6768225281626788248, guid: 395a557cd50d4497cad8b679910f71ae, type: 3}
      propertyPath: m_LocalEulerAnglesHint.y
      value: -0.058463093
      objectReference: {fileID: 0}
    - target: {fileID: -6768225281626788248, guid: 395a557cd50d4497cad8b679910f71ae, type: 3}
      propertyPath: m_LocalEulerAnglesHint.z
      value: -0.88718176
      objectReference: {fileID: 0}
    - target: {fileID: -6621945745981909287, guid: 395a557cd50d4497cad8b679910f71ae, type: 3}
      propertyPath: m_Layer
      value: 6
      objectReference: {fileID: 0}
    - target: {fileID: -6370085079684087283, guid: 395a557cd50d4497cad8b679910f71ae, type: 3}
      propertyPath: m_Layer
      value: 6
      objectReference: {fileID: 0}
    - target: {fileID: -6234591296559379751, guid: 395a557cd50d4497cad8b679910f71ae, type: 3}
      propertyPath: m_Layer
      value: 6
      objectReference: {fileID: 0}
    - target: {fileID: -6170625038081293824, guid: 395a557cd50d4497cad8b679910f71ae, type: 3}
      propertyPath: m_Layer
      value: 6
      objectReference: {fileID: 0}
    - target: {fileID: -6056541330796499132, guid: 395a557cd50d4497cad8b679910f71ae, type: 3}
      propertyPath: m_Layer
      value: 6
      objectReference: {fileID: 0}
    - target: {fileID: -6024149945523619558, guid: 395a557cd50d4497cad8b679910f71ae, type: 3}
      propertyPath: m_LocalEulerAnglesHint.x
      value: 7.821374
      objectReference: {fileID: 0}
    - target: {fileID: -6024149945523619558, guid: 395a557cd50d4497cad8b679910f71ae, type: 3}
      propertyPath: m_LocalEulerAnglesHint.y
      value: -0.06146889
      objectReference: {fileID: 0}
    - target: {fileID: -6024149945523619558, guid: 395a557cd50d4497cad8b679910f71ae, type: 3}
      propertyPath: m_LocalEulerAnglesHint.z
      value: -0.90523547
      objectReference: {fileID: 0}
    - target: {fileID: -5857696854640597626, guid: 395a557cd50d4497cad8b679910f71ae, type: 3}
      propertyPath: m_Layer
      value: 6
      objectReference: {fileID: 0}
    - target: {fileID: -5665043316445423941, guid: 395a557cd50d4497cad8b679910f71ae, type: 3}
      propertyPath: m_LocalEulerAnglesHint.x
      value: -0.6480861
      objectReference: {fileID: 0}
    - target: {fileID: -5665043316445423941, guid: 395a557cd50d4497cad8b679910f71ae, type: 3}
      propertyPath: m_LocalEulerAnglesHint.y
      value: 0.10243199
      objectReference: {fileID: 0}
    - target: {fileID: -5665043316445423941, guid: 395a557cd50d4497cad8b679910f71ae, type: 3}
      propertyPath: m_LocalEulerAnglesHint.z
      value: -1.7094036
      objectReference: {fileID: 0}
    - target: {fileID: -5561550452697079657, guid: 395a557cd50d4497cad8b679910f71ae, type: 3}
      propertyPath: m_Layer
      value: 6
      objectReference: {fileID: 0}
    - target: {fileID: -5480977901411583989, guid: 395a557cd50d4497cad8b679910f71ae, type: 3}
      propertyPath: m_LocalEulerAnglesHint.x
      value: 15.642446
      objectReference: {fileID: 0}
    - target: {fileID: -5480977901411583989, guid: 395a557cd50d4497cad8b679910f71ae, type: 3}
      propertyPath: m_LocalEulerAnglesHint.y
      value: -0.29421243
      objectReference: {fileID: 0}
    - target: {fileID: -5480977901411583989, guid: 395a557cd50d4497cad8b679910f71ae, type: 3}
      propertyPath: m_LocalEulerAnglesHint.z
      value: -2.0719254
      objectReference: {fileID: 0}
    - target: {fileID: -5195048882033904264, guid: 395a557cd50d4497cad8b679910f71ae, type: 3}
      propertyPath: m_Layer
      value: 6
      objectReference: {fileID: 0}
    - target: {fileID: -4999088201633142198, guid: 395a557cd50d4497cad8b679910f71ae, type: 3}
      propertyPath: m_Layer
      value: 6
      objectReference: {fileID: 0}
    - target: {fileID: -4728426434207774260, guid: 395a557cd50d4497cad8b679910f71ae, type: 3}
      propertyPath: m_Layer
      value: 6
      objectReference: {fileID: 0}
    - target: {fileID: -4501530691011011137, guid: 395a557cd50d4497cad8b679910f71ae, type: 3}
      propertyPath: m_Layer
      value: 6
      objectReference: {fileID: 0}
    - target: {fileID: -4332706925441422008, guid: 395a557cd50d4497cad8b679910f71ae, type: 3}
      propertyPath: m_Layer
      value: 6
      objectReference: {fileID: 0}
    - target: {fileID: -4278032810995721380, guid: 395a557cd50d4497cad8b679910f71ae, type: 3}
      propertyPath: m_Layer
      value: 6
      objectReference: {fileID: 0}
    - target: {fileID: -3799395697873186154, guid: 395a557cd50d4497cad8b679910f71ae, type: 3}
      propertyPath: m_Layer
      value: 6
      objectReference: {fileID: 0}
    - target: {fileID: -3746190272939815206, guid: 395a557cd50d4497cad8b679910f71ae, type: 3}
      propertyPath: m_LocalEulerAnglesHint.x
      value: -69.35577
      objectReference: {fileID: 0}
    - target: {fileID: -3746190272939815206, guid: 395a557cd50d4497cad8b679910f71ae, type: 3}
      propertyPath: m_LocalEulerAnglesHint.y
      value: -33.752075
      objectReference: {fileID: 0}
    - target: {fileID: -3746190272939815206, guid: 395a557cd50d4497cad8b679910f71ae, type: 3}
      propertyPath: m_LocalEulerAnglesHint.z
      value: 33.428093
      objectReference: {fileID: 0}
    - target: {fileID: -3542885339558904099, guid: 395a557cd50d4497cad8b679910f71ae, type: 3}
      propertyPath: m_Layer
      value: 6
      objectReference: {fileID: 0}
    - target: {fileID: -3480699329000672020, guid: 395a557cd50d4497cad8b679910f71ae, type: 3}
      propertyPath: m_LocalEulerAnglesHint.x
      value: 9.127668
      objectReference: {fileID: 0}
    - target: {fileID: -3480699329000672020, guid: 395a557cd50d4497cad8b679910f71ae, type: 3}
      propertyPath: m_LocalEulerAnglesHint.y
      value: -11.266273
      objectReference: {fileID: 0}
    - target: {fileID: -3480699329000672020, guid: 395a557cd50d4497cad8b679910f71ae, type: 3}
      propertyPath: m_LocalEulerAnglesHint.z
      value: -3.124249
      objectReference: {fileID: 0}
    - target: {fileID: -3478013746326755454, guid: 395a557cd50d4497cad8b679910f71ae, type: 3}
      propertyPath: m_Layer
      value: 6
      objectReference: {fileID: 0}
    - target: {fileID: -3432401550182100168, guid: 395a557cd50d4497cad8b679910f71ae, type: 3}
      propertyPath: m_LocalEulerAnglesHint.x
      value: 54.723373
      objectReference: {fileID: 0}
    - target: {fileID: -3432401550182100168, guid: 395a557cd50d4497cad8b679910f71ae, type: 3}
      propertyPath: m_LocalEulerAnglesHint.y
      value: 93.54023
      objectReference: {fileID: 0}
    - target: {fileID: -3432401550182100168, guid: 395a557cd50d4497cad8b679910f71ae, type: 3}
      propertyPath: m_LocalEulerAnglesHint.z
      value: 56.817574
      objectReference: {fileID: 0}
    - target: {fileID: -3321919801592875672, guid: 395a557cd50d4497cad8b679910f71ae, type: 3}
      propertyPath: m_LocalEulerAnglesHint.x
      value: 25.652657
      objectReference: {fileID: 0}
    - target: {fileID: -3321919801592875672, guid: 395a557cd50d4497cad8b679910f71ae, type: 3}
      propertyPath: m_LocalEulerAnglesHint.y
      value: 1.5289551
      objectReference: {fileID: 0}
    - target: {fileID: -3321919801592875672, guid: 395a557cd50d4497cad8b679910f71ae, type: 3}
      propertyPath: m_LocalEulerAnglesHint.z
      value: 9.723164
      objectReference: {fileID: 0}
    - target: {fileID: -3214267034143217929, guid: 395a557cd50d4497cad8b679910f71ae, type: 3}
      propertyPath: m_Layer
      value: 6
      objectReference: {fileID: 0}
    - target: {fileID: -3086436065929644917, guid: 395a557cd50d4497cad8b679910f71ae, type: 3}
      propertyPath: m_Layer
      value: 6
      objectReference: {fileID: 0}
    - target: {fileID: -2899422035419094908, guid: 395a557cd50d4497cad8b679910f71ae, type: 3}
      propertyPath: m_LocalEulerAnglesHint.x
      value: 15.652428
      objectReference: {fileID: 0}
    - target: {fileID: -2899422035419094908, guid: 395a557cd50d4497cad8b679910f71ae, type: 3}
      propertyPath: m_LocalEulerAnglesHint.y
      value: -0.28123805
      objectReference: {fileID: 0}
    - target: {fileID: -2899422035419094908, guid: 395a557cd50d4497cad8b679910f71ae, type: 3}
      propertyPath: m_LocalEulerAnglesHint.z
      value: -2.0356624
      objectReference: {fileID: 0}
    - target: {fileID: -2770666803903516498, guid: 395a557cd50d4497cad8b679910f71ae, type: 3}
      propertyPath: m_LocalEulerAnglesHint.x
      value: 36.841663
      objectReference: {fileID: 0}
    - target: {fileID: -2770666803903516498, guid: 395a557cd50d4497cad8b679910f71ae, type: 3}
      propertyPath: m_LocalEulerAnglesHint.y
      value: 8.428749
      objectReference: {fileID: 0}
    - target: {fileID: -2770666803903516498, guid: 395a557cd50d4497cad8b679910f71ae, type: 3}
      propertyPath: m_LocalEulerAnglesHint.z
      value: -0.067089975
      objectReference: {fileID: 0}
    - target: {fileID: -2594260964506120097, guid: 395a557cd50d4497cad8b679910f71ae, type: 3}
      propertyPath: m_LocalEulerAnglesHint.x
      value: -10.627188
      objectReference: {fileID: 0}
    - target: {fileID: -2594260964506120097, guid: 395a557cd50d4497cad8b679910f71ae, type: 3}
      propertyPath: m_LocalEulerAnglesHint.y
      value: 0.7299493
      objectReference: {fileID: 0}
    - target: {fileID: -2594260964506120097, guid: 395a557cd50d4497cad8b679910f71ae, type: 3}
      propertyPath: m_LocalEulerAnglesHint.z
      value: -1.1599032
      objectReference: {fileID: 0}
    - target: {fileID: -2389525917609993686, guid: 395a557cd50d4497cad8b679910f71ae, type: 3}
      propertyPath: m_LocalEulerAnglesHint.x
      value: 0.41860688
      objectReference: {fileID: 0}
    - target: {fileID: -2389525917609993686, guid: 395a557cd50d4497cad8b679910f71ae, type: 3}
      propertyPath: m_LocalEulerAnglesHint.y
      value: -0.011265535
      objectReference: {fileID: 0}
    - target: {fileID: -2389525917609993686, guid: 395a557cd50d4497cad8b679910f71ae, type: 3}
      propertyPath: m_LocalEulerAnglesHint.z
      value: -2.004737
      objectReference: {fileID: 0}
    - target: {fileID: -2084811680363313996, guid: 395a557cd50d4497cad8b679910f71ae, type: 3}
      propertyPath: m_Layer
      value: 6
      objectReference: {fileID: 0}
    - target: {fileID: -2077719864273070468, guid: 395a557cd50d4497cad8b679910f71ae, type: 3}
      propertyPath: m_ReceiveShadows
      value: 1
      objectReference: {fileID: 0}
    - target: {fileID: -2072040086291044643, guid: 395a557cd50d4497cad8b679910f71ae, type: 3}
      propertyPath: m_LocalEulerAnglesHint.x
      value: -82.01325
      objectReference: {fileID: 0}
    - target: {fileID: -2072040086291044643, guid: 395a557cd50d4497cad8b679910f71ae, type: 3}
      propertyPath: m_LocalEulerAnglesHint.y
      value: 134.10617
      objectReference: {fileID: 0}
    - target: {fileID: -2072040086291044643, guid: 395a557cd50d4497cad8b679910f71ae, type: 3}
      propertyPath: m_LocalEulerAnglesHint.z
      value: -135.3835
      objectReference: {fileID: 0}
    - target: {fileID: -1864740628597940677, guid: 395a557cd50d4497cad8b679910f71ae, type: 3}
      propertyPath: m_LocalEulerAnglesHint.x
      value: 3.4856267
      objectReference: {fileID: 0}
    - target: {fileID: -1864740628597940677, guid: 395a557cd50d4497cad8b679910f71ae, type: 3}
      propertyPath: m_LocalEulerAnglesHint.y
      value: -0.6725865
      objectReference: {fileID: 0}
    - target: {fileID: -1864740628597940677, guid: 395a557cd50d4497cad8b679910f71ae, type: 3}
      propertyPath: m_LocalEulerAnglesHint.z
      value: -6.624031
      objectReference: {fileID: 0}
    - target: {fileID: -1812909498023395591, guid: 395a557cd50d4497cad8b679910f71ae, type: 3}
      propertyPath: m_LocalEulerAnglesHint.x
      value: 2.3883646
      objectReference: {fileID: 0}
    - target: {fileID: -1812909498023395591, guid: 395a557cd50d4497cad8b679910f71ae, type: 3}
      propertyPath: m_LocalEulerAnglesHint.y
      value: -1.0226784
      objectReference: {fileID: 0}
    - target: {fileID: -1812909498023395591, guid: 395a557cd50d4497cad8b679910f71ae, type: 3}
      propertyPath: m_LocalEulerAnglesHint.z
      value: -30.19054
      objectReference: {fileID: 0}
    - target: {fileID: -1781356600409242780, guid: 395a557cd50d4497cad8b679910f71ae, type: 3}
      propertyPath: m_Layer
      value: 6
      objectReference: {fileID: 0}
    - target: {fileID: -1703473491307067327, guid: 395a557cd50d4497cad8b679910f71ae, type: 3}
      propertyPath: m_Layer
      value: 6
      objectReference: {fileID: 0}
    - target: {fileID: -1425791611860619382, guid: 395a557cd50d4497cad8b679910f71ae, type: 3}
      propertyPath: m_Layer
      value: 6
      objectReference: {fileID: 0}
    - target: {fileID: -1268151995469589007, guid: 395a557cd50d4497cad8b679910f71ae, type: 3}
      propertyPath: m_Layer
      value: 6
      objectReference: {fileID: 0}
    - target: {fileID: -1200856079203341021, guid: 395a557cd50d4497cad8b679910f71ae, type: 3}
      propertyPath: m_Layer
      value: 6
      objectReference: {fileID: 0}
    - target: {fileID: -1070350730909333850, guid: 395a557cd50d4497cad8b679910f71ae, type: 3}
      propertyPath: m_LocalEulerAnglesHint.x
      value: 16.128857
      objectReference: {fileID: 0}
    - target: {fileID: -1070350730909333850, guid: 395a557cd50d4497cad8b679910f71ae, type: 3}
      propertyPath: m_LocalEulerAnglesHint.y
      value: 0.81866884
      objectReference: {fileID: 0}
    - target: {fileID: -1070350730909333850, guid: 395a557cd50d4497cad8b679910f71ae, type: 3}
      propertyPath: m_LocalEulerAnglesHint.z
      value: 3.196196
      objectReference: {fileID: 0}
    - target: {fileID: -870823317777057635, guid: 395a557cd50d4497cad8b679910f71ae, type: 3}
      propertyPath: m_LocalEulerAnglesHint.x
      value: 33.357445
      objectReference: {fileID: 0}
    - target: {fileID: -870823317777057635, guid: 395a557cd50d4497cad8b679910f71ae, type: 3}
      propertyPath: m_LocalEulerAnglesHint.y
      value: 16.365774
      objectReference: {fileID: 0}
    - target: {fileID: -870823317777057635, guid: 395a557cd50d4497cad8b679910f71ae, type: 3}
      propertyPath: m_LocalEulerAnglesHint.z
      value: -36.375244
      objectReference: {fileID: 0}
    - target: {fileID: -751476226918971245, guid: 395a557cd50d4497cad8b679910f71ae, type: 3}
      propertyPath: m_Layer
      value: 6
      objectReference: {fileID: 0}
    - target: {fileID: -552831747908440785, guid: 395a557cd50d4497cad8b679910f71ae, type: 3}
      propertyPath: m_Layer
      value: 6
      objectReference: {fileID: 0}
    - target: {fileID: -290750445479886849, guid: 395a557cd50d4497cad8b679910f71ae, type: 3}
      propertyPath: m_Layer
      value: 6
      objectReference: {fileID: 0}
    - target: {fileID: -203856693384778745, guid: 395a557cd50d4497cad8b679910f71ae, type: 3}
      propertyPath: m_Layer
      value: 6
      objectReference: {fileID: 0}
    - target: {fileID: -104578136787704052, guid: 395a557cd50d4497cad8b679910f71ae, type: 3}
      propertyPath: m_LocalEulerAnglesHint.x
      value: 16.113638
      objectReference: {fileID: 0}
    - target: {fileID: -104578136787704052, guid: 395a557cd50d4497cad8b679910f71ae, type: 3}
      propertyPath: m_LocalEulerAnglesHint.y
      value: 1.098942
      objectReference: {fileID: 0}
    - target: {fileID: -104578136787704052, guid: 395a557cd50d4497cad8b679910f71ae, type: 3}
      propertyPath: m_LocalEulerAnglesHint.z
      value: 3.2537792
      objectReference: {fileID: 0}
    - target: {fileID: -76546954072915012, guid: 395a557cd50d4497cad8b679910f71ae, type: 3}
      propertyPath: m_Layer
      value: 6
      objectReference: {fileID: 0}
    - target: {fileID: 9171100556185337, guid: 395a557cd50d4497cad8b679910f71ae, type: 3}
      propertyPath: m_Layer
      value: 6
      objectReference: {fileID: 0}
    - target: {fileID: 366175167995203695, guid: 395a557cd50d4497cad8b679910f71ae, type: 3}
      propertyPath: m_LocalEulerAnglesHint.x
      value: 7.9551067
      objectReference: {fileID: 0}
    - target: {fileID: 366175167995203695, guid: 395a557cd50d4497cad8b679910f71ae, type: 3}
      propertyPath: m_LocalEulerAnglesHint.y
      value: -7.0565925
      objectReference: {fileID: 0}
    - target: {fileID: 366175167995203695, guid: 395a557cd50d4497cad8b679910f71ae, type: 3}
      propertyPath: m_LocalEulerAnglesHint.z
      value: -1.2286702
      objectReference: {fileID: 0}
    - target: {fileID: 414117464747255840, guid: 395a557cd50d4497cad8b679910f71ae, type: 3}
      propertyPath: m_Layer
      value: 6
      objectReference: {fileID: 0}
    - target: {fileID: 608321761475470972, guid: 395a557cd50d4497cad8b679910f71ae, type: 3}
      propertyPath: m_LocalEulerAnglesHint.x
      value: 42.588753
      objectReference: {fileID: 0}
    - target: {fileID: 608321761475470972, guid: 395a557cd50d4497cad8b679910f71ae, type: 3}
      propertyPath: m_LocalEulerAnglesHint.y
      value: -39.75447
      objectReference: {fileID: 0}
    - target: {fileID: 608321761475470972, guid: 395a557cd50d4497cad8b679910f71ae, type: 3}
      propertyPath: m_LocalEulerAnglesHint.z
      value: -12.107709
      objectReference: {fileID: 0}
    - target: {fileID: 919132149155446097, guid: 395a557cd50d4497cad8b679910f71ae, type: 3}
      propertyPath: m_Name
      value: Last_Mohikan@Fighting Idle
      objectReference: {fileID: 0}
    - target: {fileID: 919132149155446097, guid: 395a557cd50d4497cad8b679910f71ae, type: 3}
      propertyPath: m_Layer
      value: 6
      objectReference: {fileID: 0}
    - target: {fileID: 1082271958561512970, guid: 395a557cd50d4497cad8b679910f71ae, type: 3}
      propertyPath: m_Layer
      value: 6
      objectReference: {fileID: 0}
    - target: {fileID: 1092408308860062549, guid: 395a557cd50d4497cad8b679910f71ae, type: 3}
      propertyPath: m_LocalEulerAnglesHint.x
      value: 7.8145256
      objectReference: {fileID: 0}
    - target: {fileID: 1092408308860062549, guid: 395a557cd50d4497cad8b679910f71ae, type: 3}
      propertyPath: m_LocalEulerAnglesHint.y
      value: -0.0723926
      objectReference: {fileID: 0}
    - target: {fileID: 1092408308860062549, guid: 395a557cd50d4497cad8b679910f71ae, type: 3}
      propertyPath: m_LocalEulerAnglesHint.z
      value: -1.0544238
      objectReference: {fileID: 0}
    - target: {fileID: 1189529853000058984, guid: 395a557cd50d4497cad8b679910f71ae, type: 3}
      propertyPath: m_LocalEulerAnglesHint.x
      value: 16.047268
      objectReference: {fileID: 0}
    - target: {fileID: 1189529853000058984, guid: 395a557cd50d4497cad8b679910f71ae, type: 3}
      propertyPath: m_LocalEulerAnglesHint.y
      value: 2.2502325
      objectReference: {fileID: 0}
    - target: {fileID: 1189529853000058984, guid: 395a557cd50d4497cad8b679910f71ae, type: 3}
      propertyPath: m_LocalEulerAnglesHint.z
      value: 3.6218877
      objectReference: {fileID: 0}
    - target: {fileID: 1330755669629619180, guid: 395a557cd50d4497cad8b679910f71ae, type: 3}
      propertyPath: m_LocalEulerAnglesHint.x
      value: -10.441408
      objectReference: {fileID: 0}
    - target: {fileID: 1330755669629619180, guid: 395a557cd50d4497cad8b679910f71ae, type: 3}
      propertyPath: m_LocalEulerAnglesHint.y
      value: 2.0742733
      objectReference: {fileID: 0}
    - target: {fileID: 1330755669629619180, guid: 395a557cd50d4497cad8b679910f71ae, type: 3}
      propertyPath: m_LocalEulerAnglesHint.z
      value: -6.5061555
      objectReference: {fileID: 0}
    - target: {fileID: 1339101018200438765, guid: 395a557cd50d4497cad8b679910f71ae, type: 3}
      propertyPath: m_Layer
      value: 6
      objectReference: {fileID: 0}
    - target: {fileID: 1564860333797465651, guid: 395a557cd50d4497cad8b679910f71ae, type: 3}
      propertyPath: m_LocalEulerAnglesHint.x
      value: -0.5500752
      objectReference: {fileID: 0}
    - target: {fileID: 1564860333797465651, guid: 395a557cd50d4497cad8b679910f71ae, type: 3}
      propertyPath: m_LocalEulerAnglesHint.y
      value: -0.060847435
      objectReference: {fileID: 0}
    - target: {fileID: 1564860333797465651, guid: 395a557cd50d4497cad8b679910f71ae, type: 3}
      propertyPath: m_LocalEulerAnglesHint.z
      value: -3.5582883
      objectReference: {fileID: 0}
    - target: {fileID: 1711505207429034123, guid: 395a557cd50d4497cad8b679910f71ae, type: 3}
      propertyPath: m_Layer
      value: 6
      objectReference: {fileID: 0}
    - target: {fileID: 1852576806548013000, guid: 395a557cd50d4497cad8b679910f71ae, type: 3}
      propertyPath: m_LocalEulerAnglesHint.x
      value: -30.268147
      objectReference: {fileID: 0}
    - target: {fileID: 1852576806548013000, guid: 395a557cd50d4497cad8b679910f71ae, type: 3}
      propertyPath: m_LocalEulerAnglesHint.y
      value: 4.6274843
      objectReference: {fileID: 0}
    - target: {fileID: 1852576806548013000, guid: 395a557cd50d4497cad8b679910f71ae, type: 3}
      propertyPath: m_LocalEulerAnglesHint.z
      value: 32.811058
      objectReference: {fileID: 0}
    - target: {fileID: 2158975759703390516, guid: 395a557cd50d4497cad8b679910f71ae, type: 3}
      propertyPath: m_Layer
      value: 6
      objectReference: {fileID: 0}
    - target: {fileID: 2559285840627121667, guid: 395a557cd50d4497cad8b679910f71ae, type: 3}
      propertyPath: m_LocalEulerAnglesHint.x
      value: -75.9087
      objectReference: {fileID: 0}
    - target: {fileID: 2559285840627121667, guid: 395a557cd50d4497cad8b679910f71ae, type: 3}
      propertyPath: m_LocalEulerAnglesHint.y
      value: -47.274384
      objectReference: {fileID: 0}
    - target: {fileID: 2559285840627121667, guid: 395a557cd50d4497cad8b679910f71ae, type: 3}
      propertyPath: m_LocalEulerAnglesHint.z
      value: -115.01504
      objectReference: {fileID: 0}
    - target: {fileID: 2563496969622287784, guid: 395a557cd50d4497cad8b679910f71ae, type: 3}
      propertyPath: m_LocalEulerAnglesHint.x
      value: 3.1514678
      objectReference: {fileID: 0}
    - target: {fileID: 2563496969622287784, guid: 395a557cd50d4497cad8b679910f71ae, type: 3}
      propertyPath: m_LocalEulerAnglesHint.y
      value: 2.8921554
      objectReference: {fileID: 0}
    - target: {fileID: 2563496969622287784, guid: 395a557cd50d4497cad8b679910f71ae, type: 3}
      propertyPath: m_LocalEulerAnglesHint.z
      value: 48.71748
      objectReference: {fileID: 0}
    - target: {fileID: 2586065998465600510, guid: 395a557cd50d4497cad8b679910f71ae, type: 3}
      propertyPath: m_Layer
      value: 6
      objectReference: {fileID: 0}
    - target: {fileID: 2715566404302941441, guid: 395a557cd50d4497cad8b679910f71ae, type: 3}
      propertyPath: m_Layer
      value: 6
      objectReference: {fileID: 0}
    - target: {fileID: 2898355158428612036, guid: 395a557cd50d4497cad8b679910f71ae, type: 3}
      propertyPath: m_Layer
      value: 6
      objectReference: {fileID: 0}
    - target: {fileID: 2916570863362053800, guid: 395a557cd50d4497cad8b679910f71ae, type: 3}
      propertyPath: m_LocalEulerAnglesHint.x
      value: 37.304066
      objectReference: {fileID: 0}
    - target: {fileID: 2916570863362053800, guid: 395a557cd50d4497cad8b679910f71ae, type: 3}
      propertyPath: m_LocalEulerAnglesHint.y
      value: -9.948151
      objectReference: {fileID: 0}
    - target: {fileID: 2916570863362053800, guid: 395a557cd50d4497cad8b679910f71ae, type: 3}
      propertyPath: m_LocalEulerAnglesHint.z
      value: -0.18035498
      objectReference: {fileID: 0}
    - target: {fileID: 3034897098615689929, guid: 395a557cd50d4497cad8b679910f71ae, type: 3}
      propertyPath: m_Name
      value: Last_Mohikan
      objectReference: {fileID: 0}
    - target: {fileID: 3034897098615689929, guid: 395a557cd50d4497cad8b679910f71ae, type: 3}
      propertyPath: m_Layer
      value: 6
      objectReference: {fileID: 0}
    - target: {fileID: 3047284246813455858, guid: 395a557cd50d4497cad8b679910f71ae, type: 3}
      propertyPath: m_Layer
      value: 6
      objectReference: {fileID: 0}
    - target: {fileID: 3135921509060577837, guid: 395a557cd50d4497cad8b679910f71ae, type: 3}
      propertyPath: m_Layer
      value: 6
      objectReference: {fileID: 0}
    - target: {fileID: 3183749884578473501, guid: 395a557cd50d4497cad8b679910f71ae, type: 3}
      propertyPath: m_LocalEulerAnglesHint.x
      value: -0.8942034
      objectReference: {fileID: 0}
    - target: {fileID: 3183749884578473501, guid: 395a557cd50d4497cad8b679910f71ae, type: 3}
      propertyPath: m_LocalEulerAnglesHint.y
      value: -0.016492376
      objectReference: {fileID: 0}
    - target: {fileID: 3183749884578473501, guid: 395a557cd50d4497cad8b679910f71ae, type: 3}
      propertyPath: m_LocalEulerAnglesHint.z
      value: 0.27174425
      objectReference: {fileID: 0}
    - target: {fileID: 3588849560313704984, guid: 395a557cd50d4497cad8b679910f71ae, type: 3}
      propertyPath: m_Layer
      value: 6
      objectReference: {fileID: 0}
    - target: {fileID: 3614653200513675785, guid: 395a557cd50d4497cad8b679910f71ae, type: 3}
      propertyPath: m_Layer
      value: 6
      objectReference: {fileID: 0}
    - target: {fileID: 3667946887678727147, guid: 395a557cd50d4497cad8b679910f71ae, type: 3}
      propertyPath: m_LocalEulerAnglesHint.x
      value: 16.090963
      objectReference: {fileID: 0}
    - target: {fileID: 3667946887678727147, guid: 395a557cd50d4497cad8b679910f71ae, type: 3}
      propertyPath: m_LocalEulerAnglesHint.y
      value: 1.5044935
      objectReference: {fileID: 0}
    - target: {fileID: 3667946887678727147, guid: 395a557cd50d4497cad8b679910f71ae, type: 3}
      propertyPath: m_LocalEulerAnglesHint.z
      value: 3.3542197
      objectReference: {fileID: 0}
    - target: {fileID: 3882815353823017779, guid: 395a557cd50d4497cad8b679910f71ae, type: 3}
      propertyPath: m_Layer
      value: 6
      objectReference: {fileID: 0}
    - target: {fileID: 3948933247560734027, guid: 395a557cd50d4497cad8b679910f71ae, type: 3}
      propertyPath: m_Layer
      value: 6
      objectReference: {fileID: 0}
    - target: {fileID: 3974016661214395164, guid: 395a557cd50d4497cad8b679910f71ae, type: 3}
      propertyPath: m_Layer
      value: 6
      objectReference: {fileID: 0}
    - target: {fileID: 4114030615378554161, guid: 395a557cd50d4497cad8b679910f71ae, type: 3}
      propertyPath: m_Layer
      value: 6
      objectReference: {fileID: 0}
    - target: {fileID: 4237274458221626025, guid: 395a557cd50d4497cad8b679910f71ae, type: 3}
      propertyPath: m_Layer
      value: 6
      objectReference: {fileID: 0}
    - target: {fileID: 4441848305933595309, guid: 395a557cd50d4497cad8b679910f71ae, type: 3}
      propertyPath: m_Layer
      value: 6
      objectReference: {fileID: 0}
    - target: {fileID: 4549111882529890269, guid: 395a557cd50d4497cad8b679910f71ae, type: 3}
      propertyPath: m_Layer
      value: 6
      objectReference: {fileID: 0}
    - target: {fileID: 4747904710347621765, guid: 395a557cd50d4497cad8b679910f71ae, type: 3}
      propertyPath: m_LocalEulerAnglesHint.x
      value: -11.125045
      objectReference: {fileID: 0}
    - target: {fileID: 4747904710347621765, guid: 395a557cd50d4497cad8b679910f71ae, type: 3}
      propertyPath: m_LocalEulerAnglesHint.y
      value: 0.594308
      objectReference: {fileID: 0}
    - target: {fileID: 4747904710347621765, guid: 395a557cd50d4497cad8b679910f71ae, type: 3}
      propertyPath: m_LocalEulerAnglesHint.z
      value: -2.299829
      objectReference: {fileID: 0}
    - target: {fileID: 5048025441337412694, guid: 395a557cd50d4497cad8b679910f71ae, type: 3}
      propertyPath: m_LocalEulerAnglesHint.x
      value: 9.46352
      objectReference: {fileID: 0}
    - target: {fileID: 5048025441337412694, guid: 395a557cd50d4497cad8b679910f71ae, type: 3}
      propertyPath: m_LocalEulerAnglesHint.y
      value: -22.38794
      objectReference: {fileID: 0}
    - target: {fileID: 5048025441337412694, guid: 395a557cd50d4497cad8b679910f71ae, type: 3}
      propertyPath: m_LocalEulerAnglesHint.z
      value: -35.60686
      objectReference: {fileID: 0}
    - target: {fileID: 5097370190579632962, guid: 395a557cd50d4497cad8b679910f71ae, type: 3}
      propertyPath: m_LocalEulerAnglesHint.x
      value: 7.809614
      objectReference: {fileID: 0}
    - target: {fileID: 5097370190579632962, guid: 395a557cd50d4497cad8b679910f71ae, type: 3}
      propertyPath: m_LocalEulerAnglesHint.y
      value: -0.08293538
      objectReference: {fileID: 0}
    - target: {fileID: 5097370190579632962, guid: 395a557cd50d4497cad8b679910f71ae, type: 3}
      propertyPath: m_LocalEulerAnglesHint.z
      value: -1.2486236
      objectReference: {fileID: 0}
    - target: {fileID: 5120724536234783804, guid: 395a557cd50d4497cad8b679910f71ae, type: 3}
      propertyPath: m_Layer
      value: 6
      objectReference: {fileID: 0}
    - target: {fileID: 5372056943023685468, guid: 395a557cd50d4497cad8b679910f71ae, type: 3}
      propertyPath: m_LocalEulerAnglesHint.x
      value: 15.689514
      objectReference: {fileID: 0}
    - target: {fileID: 5372056943023685468, guid: 395a557cd50d4497cad8b679910f71ae, type: 3}
      propertyPath: m_LocalEulerAnglesHint.y
      value: -0.25216505
      objectReference: {fileID: 0}
    - target: {fileID: 5372056943023685468, guid: 395a557cd50d4497cad8b679910f71ae, type: 3}
      propertyPath: m_LocalEulerAnglesHint.z
      value: -1.8120297
      objectReference: {fileID: 0}
    - target: {fileID: 5465940246521907071, guid: 395a557cd50d4497cad8b679910f71ae, type: 3}
      propertyPath: m_LocalEulerAnglesHint.x
      value: 20.47856
      objectReference: {fileID: 0}
    - target: {fileID: 5465940246521907071, guid: 395a557cd50d4497cad8b679910f71ae, type: 3}
      propertyPath: m_LocalEulerAnglesHint.y
      value: -60.951183
      objectReference: {fileID: 0}
    - target: {fileID: 5465940246521907071, guid: 395a557cd50d4497cad8b679910f71ae, type: 3}
      propertyPath: m_LocalEulerAnglesHint.z
      value: 20.984509
      objectReference: {fileID: 0}
    - target: {fileID: 6000407479487422213, guid: 395a557cd50d4497cad8b679910f71ae, type: 3}
      propertyPath: m_LocalEulerAnglesHint.x
      value: 48.393223
      objectReference: {fileID: 0}
    - target: {fileID: 6000407479487422213, guid: 395a557cd50d4497cad8b679910f71ae, type: 3}
      propertyPath: m_LocalEulerAnglesHint.y
      value: -28.007607
      objectReference: {fileID: 0}
    - target: {fileID: 6000407479487422213, guid: 395a557cd50d4497cad8b679910f71ae, type: 3}
      propertyPath: m_LocalEulerAnglesHint.z
      value: 51.21452
      objectReference: {fileID: 0}
    - target: {fileID: 6240733294840144465, guid: 395a557cd50d4497cad8b679910f71ae, type: 3}
      propertyPath: m_Layer
      value: 6
      objectReference: {fileID: 0}
    - target: {fileID: 6341119541397085964, guid: 395a557cd50d4497cad8b679910f71ae, type: 3}
      propertyPath: m_LocalEulerAnglesHint.x
      value: 15.666285
      objectReference: {fileID: 0}
    - target: {fileID: 6341119541397085964, guid: 395a557cd50d4497cad8b679910f71ae, type: 3}
      propertyPath: m_LocalEulerAnglesHint.y
      value: -0.26322433
      objectReference: {fileID: 0}
    - target: {fileID: 6341119541397085964, guid: 395a557cd50d4497cad8b679910f71ae, type: 3}
      propertyPath: m_LocalEulerAnglesHint.z
      value: -1.9514099
      objectReference: {fileID: 0}
    - target: {fileID: 6502182839619065283, guid: 395a557cd50d4497cad8b679910f71ae, type: 3}
      propertyPath: m_LocalEulerAnglesHint.x
      value: -40.66644
      objectReference: {fileID: 0}
    - target: {fileID: 6502182839619065283, guid: 395a557cd50d4497cad8b679910f71ae, type: 3}
      propertyPath: m_LocalEulerAnglesHint.y
      value: -19.335915
      objectReference: {fileID: 0}
    - target: {fileID: 6502182839619065283, guid: 395a557cd50d4497cad8b679910f71ae, type: 3}
      propertyPath: m_LocalEulerAnglesHint.z
      value: -13.300477
      objectReference: {fileID: 0}
    - target: {fileID: 6514210125699187276, guid: 395a557cd50d4497cad8b679910f71ae, type: 3}
      propertyPath: m_Layer
      value: 6
      objectReference: {fileID: 0}
    - target: {fileID: 6515712193588681746, guid: 395a557cd50d4497cad8b679910f71ae, type: 3}
      propertyPath: m_LocalEulerAnglesHint.x
      value: -31.789673
      objectReference: {fileID: 0}
    - target: {fileID: 6515712193588681746, guid: 395a557cd50d4497cad8b679910f71ae, type: 3}
      propertyPath: m_LocalEulerAnglesHint.y
      value: -4.4774833
      objectReference: {fileID: 0}
    - target: {fileID: 6515712193588681746, guid: 395a557cd50d4497cad8b679910f71ae, type: 3}
      propertyPath: m_LocalEulerAnglesHint.z
      value: 2.2218187
      objectReference: {fileID: 0}
    - target: {fileID: 6655383506977046455, guid: 395a557cd50d4497cad8b679910f71ae, type: 3}
      propertyPath: m_LocalEulerAnglesHint.x
      value: 0.12048736
      objectReference: {fileID: 0}
    - target: {fileID: 6655383506977046455, guid: 395a557cd50d4497cad8b679910f71ae, type: 3}
      propertyPath: m_LocalEulerAnglesHint.y
      value: 0.010250017
      objectReference: {fileID: 0}
    - target: {fileID: 6655383506977046455, guid: 395a557cd50d4497cad8b679910f71ae, type: 3}
      propertyPath: m_LocalEulerAnglesHint.z
      value: -4.105868
      objectReference: {fileID: 0}
    - target: {fileID: 7078722787440015773, guid: 395a557cd50d4497cad8b679910f71ae, type: 3}
      propertyPath: m_LocalEulerAnglesHint.x
      value: 78.26195
      objectReference: {fileID: 0}
    - target: {fileID: 7078722787440015773, guid: 395a557cd50d4497cad8b679910f71ae, type: 3}
      propertyPath: m_LocalEulerAnglesHint.y
      value: -93.17513
      objectReference: {fileID: 0}
    - target: {fileID: 7078722787440015773, guid: 395a557cd50d4497cad8b679910f71ae, type: 3}
      propertyPath: m_LocalEulerAnglesHint.z
      value: 175.38971
      objectReference: {fileID: 0}
    - target: {fileID: 7363479242261063072, guid: 395a557cd50d4497cad8b679910f71ae, type: 3}
      propertyPath: m_Layer
      value: 6
      objectReference: {fileID: 0}
    - target: {fileID: 7542137907003004905, guid: 395a557cd50d4497cad8b679910f71ae, type: 3}
      propertyPath: m_Layer
      value: 6
      objectReference: {fileID: 0}
    - target: {fileID: 7666680083751660616, guid: 395a557cd50d4497cad8b679910f71ae, type: 3}
      propertyPath: m_LocalEulerAnglesHint.x
      value: -0.09466842
      objectReference: {fileID: 0}
    - target: {fileID: 7666680083751660616, guid: 395a557cd50d4497cad8b679910f71ae, type: 3}
      propertyPath: m_LocalEulerAnglesHint.y
      value: -0.053279947
      objectReference: {fileID: 0}
    - target: {fileID: 7666680083751660616, guid: 395a557cd50d4497cad8b679910f71ae, type: 3}
      propertyPath: m_LocalEulerAnglesHint.z
      value: -1.8153021
      objectReference: {fileID: 0}
    - target: {fileID: 7732535366517880319, guid: 395a557cd50d4497cad8b679910f71ae, type: 3}
      propertyPath: m_Layer
      value: 6
      objectReference: {fileID: 0}
    - target: {fileID: 7776229726456038893, guid: 395a557cd50d4497cad8b679910f71ae, type: 3}
      propertyPath: m_Layer
      value: 6
      objectReference: {fileID: 0}
    - target: {fileID: 8169382868667117632, guid: 395a557cd50d4497cad8b679910f71ae, type: 3}
      propertyPath: m_LocalEulerAnglesHint.x
      value: -14.761024
      objectReference: {fileID: 0}
    - target: {fileID: 8169382868667117632, guid: 395a557cd50d4497cad8b679910f71ae, type: 3}
      propertyPath: m_LocalEulerAnglesHint.y
      value: 7.8639617
      objectReference: {fileID: 0}
    - target: {fileID: 8169382868667117632, guid: 395a557cd50d4497cad8b679910f71ae, type: 3}
      propertyPath: m_LocalEulerAnglesHint.z
      value: -162.01312
      objectReference: {fileID: 0}
    - target: {fileID: 8255111157037086696, guid: 395a557cd50d4497cad8b679910f71ae, type: 3}
      propertyPath: m_LocalEulerAnglesHint.x
      value: -11.330709
      objectReference: {fileID: 0}
    - target: {fileID: 8255111157037086696, guid: 395a557cd50d4497cad8b679910f71ae, type: 3}
      propertyPath: m_LocalEulerAnglesHint.y
      value: 0.9977486
      objectReference: {fileID: 0}
    - target: {fileID: 8255111157037086696, guid: 395a557cd50d4497cad8b679910f71ae, type: 3}
      propertyPath: m_LocalEulerAnglesHint.z
      value: -4.787523
      objectReference: {fileID: 0}
    - target: {fileID: 8447082967072642302, guid: 395a557cd50d4497cad8b679910f71ae, type: 3}
      propertyPath: m_LocalEulerAnglesHint.x
      value: 23.838066
      objectReference: {fileID: 0}
    - target: {fileID: 8447082967072642302, guid: 395a557cd50d4497cad8b679910f71ae, type: 3}
      propertyPath: m_LocalEulerAnglesHint.y
      value: 34.043648
      objectReference: {fileID: 0}
    - target: {fileID: 8447082967072642302, guid: 395a557cd50d4497cad8b679910f71ae, type: 3}
      propertyPath: m_LocalEulerAnglesHint.z
      value: 35.0984
      objectReference: {fileID: 0}
    - target: {fileID: 8817898888258712963, guid: 395a557cd50d4497cad8b679910f71ae, type: 3}
      propertyPath: m_Layer
      value: 6
      objectReference: {fileID: 0}
    - target: {fileID: 8953972740105248388, guid: 395a557cd50d4497cad8b679910f71ae, type: 3}
      propertyPath: m_Layer
      value: 6
      objectReference: {fileID: 0}
    - target: {fileID: 9037727976738196030, guid: 395a557cd50d4497cad8b679910f71ae, type: 3}
      propertyPath: m_Layer
      value: 6
      objectReference: {fileID: 0}
    m_RemovedComponents: []
  m_SourcePrefab: {fileID: 100100000, guid: 395a557cd50d4497cad8b679910f71ae, type: 3}
--- !u!1 &5282082247721622102 stripped
GameObject:
  m_CorrespondingSourceObject: {fileID: 919132149155446097, guid: 395a557cd50d4497cad8b679910f71ae, type: 3}
  m_PrefabInstance: {fileID: 5011609185752000263}
  m_PrefabAsset: {fileID: 0}
--- !u!4 &4757606042146717932 stripped
Transform:
  m_CorrespondingSourceObject: {fileID: -8679921383154817045, guid: 395a557cd50d4497cad8b679910f71ae, type: 3}
  m_PrefabInstance: {fileID: 5011609185752000263}
  m_PrefabAsset: {fileID: 0}
